<?xml version = "1.0" encoding = "UTF-8"?><OAI-PMH xmlns="http://www.openarchives.org/OAI/2.0/" xmlns:xsi="http://www.w3.org/2001/XMLSchema-instance" xsi:schemaLocation="http://www.openarchives.org/OAI/2.0/ http://www.openarchives.org/OAI/2.0/OAI-PMH.xsd"><ListRecords><record><header><identifier>aleph-publish:037309015</identifier></header><metadata><record xmlns="http://www.ddb.de/professionell/mabxml/mabxml-1.xsd"><leader>00000nM2.01200024------h</leader><controlfield tag="LDR">00000nM2.01200024------h</controlfield><controlfield tag="FMT">MH</controlfield><datafield tag="001" ind1="-" ind2="1"><subfield code="a">HT021117356</subfield></datafield><datafield tag="002" ind1="a" ind2="1"><subfield code="a">20211014</subfield></datafield><datafield tag="003" ind1="-" ind2="1"><subfield code="a">20211022</subfield></datafield><datafield tag="026" ind1="-" ind2="1"><subfield code="a">HBZHT021117356</subfield></datafield><controlfield tag="030">a||dr||||||17</controlfield><datafield tag="036" ind1="a" ind2="1"><subfield code="a">XA-DE-BW</subfield></datafield><datafield tag="037" ind1="b" ind2="1"><subfield code="a">ger</subfield></datafield><controlfield tag="050">a|a|||||||||||</controlfield><controlfield tag="051">m|||||||</controlfield><datafield tag="060" ind1="-" ind2="1"><subfield code="b">txt</subfield><subfield code="a">Text</subfield></datafield><datafield tag="061" ind1="-" ind2="1"><subfield code="b">n</subfield><subfield code="a">ohne Hilfsmittel zu benutzen</subfield></datafield><datafield tag="062" ind1="-" ind2="1"><subfield code="b">nc</subfield><subfield code="a">Band</subfield></datafield><datafield tag="070" ind1="-" ind2="1"><subfield code="a">38/459</subfield></datafield><datafield tag="070" ind1="b" ind2="1"><subfield code="a">38/459</subfield></datafield><datafield tag="080" ind1="-" ind2="1"><subfield code="a">60</subfield></datafield><datafield tag="100" ind1="-" ind2="1"><subfield code="p">Rickmeyer, Jens</subfield><subfield code="d">1945-</subfield><subfield code="9">(DE-588)1031275339</subfield></datafield><datafield tag="331" ind1="-" ind2="1"><subfield code="a">Japanische Morphosyntax</subfield></datafield><datafield tag="359" ind1="-" ind2="1"><subfield code="a">Jens Rickmeyer</subfield></datafield><datafield tag="403" ind1="-" ind2="1"><subfield code="a">3., verbesserte Auflage</subfield></datafield><datafield tag="419" ind1="-" ind2="1"><subfield code="a">Tübingen</subfield><subfield code="b">Edition Julius Groos</subfield><subfield code="c">2020</subfield></datafield><datafield tag="425" ind1="a" ind2="1"><subfield code="a">2020</subfield></datafield><datafield tag="433" ind1="-" ind2="1"><subfield code="a">458 Seiten</subfield></datafield><datafield tag="540" ind1="a" ind2="1"><subfield code="a">978-3-87276-886-5</subfield><subfield code="b">pbk.</subfield></datafield><datafield tag="710" ind1="-" ind2="1"><subfield code="a">Linguistik und Spracherwerb</subfield></datafield><datafield tag="710" ind1="-" ind2="1"><subfield code="a">Gegenwartssprache</subfield></datafield><datafield tag="710" ind1="-" ind2="1"><subfield code="a">Grammatik</subfield></datafield><datafield tag="710" ind1="-" ind2="1"><subfield code="a">Morphologie</subfield></datafield><datafield tag="710" ind1="-" ind2="1"><subfield code="a">Syntax</subfield></datafield><controlfield tag="SYS">037309015</controlfield><datafield tag="LOW" ind1="-" ind2="1"><subfield code="a">K1144</subfield></datafield><datafield tag="088" ind1=" " ind2=" "><subfield code="a">38/459</subfield><subfield code="b">00009001</subfield><subfield code="c">JAP/Ls3-7Ric5#a</subfield><subfield code="e">keine ILL</subfield></datafield></record></metadata></record></ListRecords></OAI-PMH>